<?xml version="1.0" encoding="UTF-8"?><collection xmlns="http://www.loc.gov/MARC21/slim"><record><leader>00450nam--2200181-i-4500</leader><controlfield tag="001">000016059</controlfield><controlfield tag="002">20161230</controlfield><controlfield tag="005">20161230201031</controlfield><controlfield tag="008">060222s1000------------r-----000-0-rus-d</controlfield><datafield ind1=" " ind2=" " tag="040"><subfield code="a">IFIN-HH</subfield></datafield><datafield ind1=" " ind2=" " tag="041"><subfield code="a">rus</subfield></datafield><datafield ind1=" " ind2=" " tag="080"><subfield code="a">534.08</subfield></datafield><datafield ind1="1" ind2=" " tag="100"><subfield code="a">Buzdugan, Gh</subfield></datafield><datafield ind1="1" ind2="0" tag="245"><subfield code="a">Masurarea vibratiilor mecanice</subfield><subfield code="c">Gh. buzdugan</subfield></datafield><datafield ind1=" " ind2=" " tag="260"><subfield code="a">Bucuresti,, 1964</subfield><subfield code="b">Editura Tehnica</subfield><subfield code="c">1964</subfield></datafield><datafield ind1=" " ind2=" " tag="300"><subfield code="a">256 P</subfield></datafield><datafield ind1=" " ind2=" " tag="852"><subfield code="a">9514</subfield><subfield code="c">539.4</subfield></datafield><datafield ind1=" " ind2=" " tag="CAT"><subfield code="a">Sys</subfield><subfield code="c">20130128</subfield><subfield code="h">153209</subfield></datafield></record></collection>